@book{joly2012introducao,
  title={Introdu{\c{c}}{\~a}o {\`a} an{\'a}lise da imagem},
  author={Joly, Martine},
  year={2012},
  edition="14.",
  location={S{\~a}o Paulo},
  publisher={Papirus editora}
}
@book{lipovetsky2004tempos,
  title={Os tempos hipermodernos},
  author={Lipovetsky, Gilles e Charles, S{\'e}bastien},
  location={S{\~a}o Paulo},
  publisher={Barcarolla},
  year={2004}
}
@article{abellan2005drama,
  title={El drama migratorio sacude a Europa},
  author={Abell{\'a}n, Luc{\'\i}a},
  journal={El Pa{\'\i}s},
  volume={3},
  year={2005}
}
@article{slovic2014compassion,
  title={Compassion Fade: Affect and Charity Are Greatest for a Single Child in Need},
  author={Slovic, Paul and Mayorga, Marcus and Peters, Ellen},
  year={2014},
  publisher={Citeseer}
}

@book{alighieri1998divina,
  title={Dante Alighieri: A Divina Com{\'e}dia},
  author={Alighieri, Dante},
  year={1998},
  location={S{\~a}o Paulo},
  publisher={Editora 34}
}
@book{aumont2011imagem,
  title={A imagem: olhar, mat{\'e}ria, presen{\c{c}}a},
  author={Aumont, Jacques},
  volume={3},
  year={2011},
  publisher={ed. Lisboa: Edições Texto & Grafia}
}

@book{barthes1990obvio,
  title={O {\'o}bvio eo obtuso: ensaios cr{\'\i}ticos III},
  author={Barthes, Roland},
  year={1990},
  location={Rio de Janeiro},
  publisher={Nova Fronteira},
  pages={11--25}
}

@book{benjamin1985magia,
  title={Magia e t{\'e}cnica, arte e pol{\'\i}tica -- ensaios sobre literatura e história da cultura. Obras escolhidas, vol. 1},
  author={Benjamin, Walter},
  volume={1},
  year={1985},
  location={S{\~a}o Paulo},
  publisher={Brasiliense S{\~a}o Paulo}
}

@book{berger2017entender,
  title={Para entender uma fotografia},
  author={Berger, John},
  year={2017},
  location={S{\~a}o Paulo},
  publisher={Companhia das Letras}
}

